%
%
%
% 
%
% Joerg Baumgart
%
%
% ein paar Literatureintr\"age zum Thema Wissenschaftliches Arbeiten


@misc{DHBW:SG,
author = {{Duale Hochschule Baden-W\"urttemberg}},
title = {Corporate Design},
shorttitle = {Corporate Design},
year = {2009},
howpublished = {Moodle Kursraum 10SWMA -- Wiss.\ Arbeiten, DHBW Mannheim},
note = {\texttt{styleguide-DHBW\_CDM\_090610\_kap1-1.3.pdf}}
}

@misc{DHBW:SG09,
author = {{Duale Hochschule Baden-W\"urttemberg}},
title = {Corporate Design},
shorttitle = {Corporate Design},
year = {2009},
howpublished = {Moodle Kursraum WWI09SWB -- Organisation, DHBW Mannheim},
note = {\texttt{styleguide-DHBW\_CDM\_090610\_kap1-1.3.pdf}}
}

@book{KM:KS,
author = {Markus Kohm and Jens-Uwe Morawski},
title = {KOMA-Script: Eine Sammlung von Klassen und Paketen f\"ur \LaTeXe},
shorttitle = {KOMA-Script},
publisher = {Lehmanns Media},
address= {Berlin},
year = {2009},
edition = {3.},
isbn = {978-3-86541-291-1}
}



@book{KM:KS4,
author = {Markus Kohm and Jens-Uwe Morawski},
title = {KOMA-Script: Eine Sammlung von Klassen und Paketen f\"ur \LaTeXe},
shorttitle = {KOMA-Script},
publisher = {Lehmanns Media},
address= {Berlin},
year = {2012},
edition = {4.},
isbn = {978-3-86541-459-5}
}


@book{Koh:KS,
author = {Markus Kohm},
title = {KOMA-Script: Eine Sammlung von Klassen und Paketen f\"ur \LaTeXe},
shorttitle = {KOMA-Script},
publisher = {Lehmanns Media},
address= {Berlin},
year = {2015},
edition = {5. überarbeitete und erweiterte},
isbn = {978-3-86541-613-1}
}


@WWW{KM:Anl,
author = {Markus Kohm and Jens-Uwe Morawski},
title = {Die Anleitung: KOMA-Script, 2012-07-22},
shorttitle = {Anleitung KOMA-Script},
year = {2012},
url = {http://www.ctan.org/pkg/koma-script},
urldate = {21.04.2013},
note = {scrguide.pdf}
}

@WWW{KM:Anl-2015,
author = {Markus Kohm and Jens-Uwe Morawski},
title = {Die Anleitung: KOMA-Script, 2015-02-07},
shorttitle = {Anleitung KOMA-Script},
year = {2015},
url = {http://www.ctan.org/pkg/koma-script},
urldate = {22.03.2015},
note = {scrguide.pdf}
}



@book{DFG:VzS,
editor = {{Deutsche Forschungsgemeinschaft}},
title = {Vorschläge zur Sicherung guter wissenschaftlicher Praxis: Empfehlungen der Kommission \glqq{}Selbstkontrolle in der 
           Wissenschaft\grqq{}},
shorttitle = {Sicherung guter wissenschaftlicher Praxis},
publisher = {WILEY-VCH},
address= {Weinheim},
year = {1998},
isbn = {3-527-27212-7}
}

@book{Dud06,
editor = {Dudenredaktion},
title = {DUDEN -- Die deutsche Rechtschreibung},
shorttitle = {Duden},
publisher = {Bibliographisches Institut \& F.\ A.\ Brockhaus AG},
address= {Mannheim},
year = {2006},
edition = {24.},
isbn = {978-3-411-04014-9}
}


@book{Dud06,
editor = {Dudenredaktion},
title = {DUDEN -- Die deutsche Rechtschreibung},
shorttitle = {Duden},
publisher = {Bibliographisches Institut \& F.\ A.\ Brockhaus AG},
address= {Mannheim},
year = {2006},
edition = {24.},
isbn = {978-3-411-04014-9}
}


@book{Dud96,
editor = {Dudenredaktion},
title = {DUDEN -- Die deutsche Rechtschreibung},
shorttitle = {Duden},
publisher = {Bibliographisches Institut \& F.\ A.\ Brockhaus AG},
address= {Mannheim},
year = {1996},
edition = {21.},
}


@book{Bri:WA,
author = {Alfred Brink},
title = {Anfertigung wissenschaftlicher Arbeiten -- Ein prozessorientierter Leitfaden zur 
Erstellung von Bachelor-, Master- und Diplomarbeiten in acht Lerneinheiten},
shorttitle = {Anfertigung wissenschaftlicher Arbeiten},
publisher = {Oldenbourg Verlag},
address= {M\"unchen Wien},
year = {2007},
edition = {3.},
isbn = {978-3-486-58512-4}
}

@book{RP:WA,
author = {Wolfram E. Rossig and Joachim Pr\"atsch},
title = {Wissenschaftliche Arbeiten -- Leitfaden f\"ur Haus- und Seminararbeiten, Bachelor- und Masterthesis, Diplom- und Magisterarbeiten, Dissertationen},
shorttitle = {Wissenschaftliches Arbeiten},
publisher = {TEAMDRUCK},
address= {Weyhe},
year = {2006},
edition = {6.},
isbn = {3-9810012-2-2}
}

@book{Sch:WAS,
author = {Joachim Schlosser},
title = {Wissenschaftliche Arbeiten schreiben mit \LaTeX{}: Leitfaden f\"ur Einsteiger},
shorttitle = {Wissenschaftliche Arbeiten mit \LaTeX{}},
publisher = {mitp},
address= {Heidelberg},
year = {2009},
edition = {3.},
isbn = {978-3-8266-5892-1}
}

@book{Sch:WAS5,
author = {Joachim Schlosser},
title = {Wissenschaftliche Arbeiten schreiben mit \LaTeX{}: Leitfaden f\"ur Einsteiger},
shorttitle = {Wissenschaftliche Arbeiten mit \LaTeX{}},
publisher = {mitp},
address= {Heidelberg},
year = {2014},
edition = {5. überarbeitete},
isbn = {978-3-8266-9486-8}
}

@book{Sch:WAS4,
author = {Joachim Schlosser},
title = {Wissenschaftliche Arbeiten schreiben mit \LaTeX{}: Leitfaden f\"ur Einsteiger},
shorttitle = {Wissenschaftliche Arbeiten mit \LaTeX{}},
publisher = {mitp},
address= {Heidelberg},
year = {2011},
edition = {4.},
isbn = {978-3-8266-9102-7}
}


@book{BSS:WA,
author = {Helmut Balzert and Christian Sch\"afer and Marion Schr\"oder and Uwe Kern},
title = {Wissenschaftliches Arbeiten: Wissenschaft, Quellen, Artefakte, Organisation, Pr\"asentation},
shorttitle = {Wissenschaftliches Arbeiten},
publisher = {W3L-Verlag},
address= {Herdecke, Witten},
year = {2008},
isbn = {978-3-937137-59-9}
}

@book{BSS2:WA,
author = {Helmut Balzert and Marion Schr\"oder and Christian Sch\"afer},
title = {Wissenschaftliches Arbeiten: Ethik, Inhalt \& Form wiss. Arbeiten, Handwerkszeug, Quellen, Projektmanagement, Präsentation},
shorttitle = {Wissenschaftliches Arbeiten},
publisher = {W3L-Verlag},
address= {Dortmund},
year = {2013},
edition = {2.},
isbn = {978-3-86834-034-1}
}


@book{Kor:WA,
author = {Martin Kornmeier},
shorttitle = {Wissenschaftstheorie und wissenschaftliches Arbeiten},
title = {Wissenschaftstheorie und wissenschaftliches Arbeiten: Eine Einf\"uhrung f\"ur Wirtschaftswissenschaftler},
publisher = {Physica-Verlag},
address = {Heidelberg},
year = {2007},
isbn = {978-3-7908-1918-2}
}



@book{MK:GWA,
author = {Matthias Karmasin and Rainer Ribing},
title =  {Die Gestaltung wissenschaftlicher Arbeiten: Ein Leitfaden f\"ur Seminararbeiten, Bachelor-, Master- und Magisterarbeiten, Diplomarbeiten und Dissertationen},
shorttitle={Gestaltung wissenschaftlicher Arbeiten},
publisher = {facultas.wuv},
year = {2009},
edition = {4.},
address = {Wien},
isbn = {978-3-8252-2774-6}
}

@book{ADG:WA,
author = {Ulrich Andermann and Martin Drees and Frank Gr\"atz},
title = {Duden. Wie verfasst man wissenschaftliche Arbeiten? Ein Leitfaden f\"ur das Studium
und die Promotion},
shorttitle={Verfassen wissenschaftlicher Arbeiten},
publisher = {Dudenverlag},
year = {2006},
edition = {4.},
address = {Mannheim},
isbn = {978-3-411-05113-7}
}


@book{Pos:WA,
author = {Ulrike Pospiech},
title = {Duden Ratgeber. Wie schreibt man wissenschaftliche Arbeiten? Alles Wichtige von der Planung bis zum fertigen Text},
shorttitle={Schreiben wissenschaftlicher Arbeiten},
publisher = {Dudenverlag},
year = {2012},
address = {Mannheim},
isbn = {978-3-411-74711-5}
}

@book{Rec:TS,
author = {Peter Rechenberg},
title = {Technisches Schreiben -- (nicht nur) f\"ur Informatiker},
shorttitle={Technisches Schreiben},
publisher = {Carl Hanser Verlag},
address = {M\"unchen},
year = {2006},
edition = {3.},
isbn = {978-3-446-40695-7}
}


@book{The:WA,
author = {Manuel R. Theisen},
title = {Wissenschaftliches Arbeiten: Technik -- Methodik -- Form},
shorttitle = {Wissenschaftliches Arbeiten},
publisher = {Verlag Franz Vahlen},
year = {2009},
note = {Limitierte Jubil\"aumsausgabe},
address = {München},
isbn = {978-3-8006-3669-3}
}

@book{The16:WA,
author = {Manuel R. Theisen},
title = {Wissenschaftliches Arbeiten: Erfolgreich bei Bachelor- und Masterarbeit},
shorttitle = {Wissenschaftliches Arbeiten},
publisher = {Verlag Franz Vahlen},
year = {2013},
edition = {16.},
address = {München},
isbn = {978-3-8006-4636-4}
}


@book{BA:WA,
author = {Axel B\"ansch and Dorothea Alewell},
title = {Wissenschaftliches Arbeiten},
shorttitle = {Wissenschaftliches Arbeiten},
publisher = {Oldenbourg Verlag},
address = {M\"unchen},
edition = {10.},
year = {2009},
isbn = {978-3-4865-9090-6}
}


@article{Dij:CRT,
author = {Edsger W. Dijkstra},
title = {On the Cruelty of Really Teaching Computer Science},
shorttitle={Teaching Computer Science},
journal = {Communications of the ACM (CACM)},
year = {1989},
volume = {32},
number = {12},
pages = {1398-1404}
}

@article{BC:Cur,
author = {Lena Bonsiepen and Wolfgang Coy},
title = {Eine Curriculardebatte},
shorttitle={Curriculardebatte},
journal = {Informatik-Spektrum},
year = {1992},
volume = {15},
number = {6},
pages = {323-325}
}

@article{Par:ECP,
author = {David L. Parnas},
title = {Education for Computing Professionals},
shorttitle={Education},
journal = {IEEE Computer},
year = {1990},
volume = {23},
number = {1},
pages = {17-22}
}

@article{Bro:SBE,
author = {Frederick P. Brooks},
shorttitle={No Silver Bullet-Essence},
title = {No Silver Bullet-Essence and Accidents of Software Engineering},
journal = {IEEE Computer},
year = {1987},
volume = {20},
number = {4},
pages = {10-19}
}

@article{GI:ADI,
author = {{Gesellschaft f\"ur Informatik}},
title = {Ausbildung von Diplominformatikern an wissenschaftlichen Hochschulen -- 
         Empfehlungen der Gesellschaft f\"ur Informatik},
shorttitle = {Ausbildung Diplominformatiker},         
journal = {Informatik-Spektrum},
month = Jun,
year = {1985},
pages = {164-165}
}

@misc{GI:AZI,
author = {{Gesellschaft f\"ur Informatik}},
title = {Aufgaben und Ziele der Informatik},
shorttitle = {Aufgaben und Ziele der Informatik},
howpublished = {Arbeitspapier der Gesellschaft f\"ur Informatik},
month = Oct,
year = {1987},
note = {Bonn}
}

@article{Den:CD,
author = {Peter J. Denning and Douglas E. Comer and David Gries and Michael C. Mulder and Allan Tucker and A. Joe Turner and Paul R. Young},
title = {Computing as a Disciplin},
shorttitle = {Computing as a Disciplin},
journal = {Communications of the ACM (CACM)},
month = Jan,
year = {1989},
pages = {9-23}
}



@book{LMS:Icb,
editor = {Werner Langenheder and G{\"u}nter M{\"u}ller and Britta Schinzel},
title = {Informatik cui bono? GI-FB 8 Fachtagung, Freiburg, 23.-26. September 1992},
shorttitle = {Informatik -- cui bono?},  
series    = {Informatik Aktuell},            
publisher = {Springer},
year = {1992},
isbn  = {3-540-55957-4}
}


@inproceedings{Fre:SIF,
editor = {Klaus G. Troitzsch},
author = {J\"urgen Freytag},
booktitle = {Informatik als Schl\"ussel zur Qualifikation},
title = {Das Studium der Informatik an Fachhochschulen},
shorttitle = {Informatikstudium Fachhochschulen},
publisher = {Springer Verlag},
series = {Informatik Aktuell},
year = {1993},
pages = {55-63}
}

@inproceedings{Roy:MDL,
author = {Winston W. Royce},
title  = {Managing the Development of Large Software Systems},
shorttitle = {Wasserfallmodell},
booktitle = {Proc. IEEE WESTCON (Nachdruck in: Proceedings of the 9th 
International Conference on Software Engineering, Seiten 328-338, 
Monterey, USA, 1987)},
year = {1970},
address = {Los Angeles, USA},
pages = {1-9}
}

@WWW{Ber:Hoj,
author = {Jens Berger},
title = {Home of jurabib},
shorttitle = {jurabib},
year = {2004},
url = {http://www.ctan.org/pkg/jurabib},
urldate = {05.12.2012}
}

@WWW{GKN,
author = {{o. V.}},
title = {Googles Knowledge Graph f\"ur Deutschland},
shorttitle = {Googles Knowledge Graph},
year= {2012},
url = {http://www.heise.de/newsticker/meldung/Googles-Knowledge-Graph-fuer-Deutschland-1762274.html},
urldate = {05.12.2012}
}

@WWW{Kuh:Bch,
author = {Tobias Kuhn},
title = {bchart: Simple Bar Charts in \LaTeX},
shorttitle = {Balkendiagramme},
year = {2012},
url = {http://www.ctan.org/tex-archive/macros/latex/contrib/bchart},
urldate = {16.12.2012}
}

@WWW{Tan:tik,
author = {Till Tantau},
title = {Systementwicklungen},
shorttitle = {\TikZ},
year = {2012},
url = {http://www.tcs.uni-luebeck.de/de/mitarbeiter/tantau/forschung/software/},
urldate = {16.12.2012}
}

@WWW{FT:tik,
author = {Christian Feuers\"anger and Till Tantau},
title = {PGF ind TikZ -- Grafic systems for TeX},
shorttitle = {PGF und \TikZ},
year = {2012},
url = {http://sourceforge.net/projects/pgf},
urldate = {16.12.2012}
}

@WWW{Tan:man,
author = {Till Tantau},
title = {The Ti\textsl{k}Z and \textsc{pgf} Packages -- Manual for version 2.10},
shorttitle = {\TikZ{} Manual},
year = {2010},
url = {http://tug.ctan.org/tex-archive/graphics/pgf/base/doc/generic/pgf},
urldate = {16.12.2012}
}

@WWW{HM:lis,
author = {Carsten Heinz and Brooks Moses},
title = {The \textsf{Listings} Package -- Version 1.4},
shorttitle = {Listings Paket},
year = {2007},
url = {http://www.ctan.org/tex-archive/macros/latex/contrib/listings},
urldate = {16.12.2012}
}

@WWW{BJ:sup,
author = {Johannes Braams and Theo Jurriens},
title = {The supertabular environment},
shorttitle = {Supertabular Paket},
year = {2004},
url = {http://tug.ctan.org/tex-archive/macros/latex/contrib/supertabular},
urldate = {17.12.2012}
}

@WWW{Fio:alg,
author = {Christophe Fiorio},
title = {algorithm2e.sty -- package for algorithms (release 5.0)},
shorttitle = {Algorithm2e Paket (release 5.0)},
year = {2013},
url = {http://www.ctan.org/tex-archive/macros/latex/contrib/algorithm2e},
urldate = {27.01.2013}
}

@book{MG:lat,
author = {Frank Mittelbach and Michel Goossens},
title = {Der \LaTeX-Begleiter},
shorttitle = {\LaTeX-Begleiter},  
publisher = {Pearson Studium},
address= {M\"unchen},
year = {2005},
edition = {2.},
isbn = {978-3-8273-7166-9}
}

@book{Lin:lat,
author = {Anselm Lingnau},
title = {\LaTeX{} Hacks -- Tipps \& Techniken f\"ur professionellen Textsatz},
shorttitle = {\LaTeX-Hacks},
publisher = {O'Reilly},
address= {K\"oln},
year = {2007},
isbn = {978-3-89721-477-4}
}

@book{Dud:SAS,
author = {Duden-Taschenb\"ucher},
title = {Schriftliche Arbeiten im technisch-naturwissenschaftlichen Studium},
shorttitle = {Schriftliche Arbeiten},
publisher = {Dudenverlag},
address= {Mannheim, Leipzig, M\"unchen, Z\"urich},
year = {1997},
isbn = {3-411-06271-1}
}

@book{Knu:tex,
author = {Donald E. Knuth},
title = {The \TeX{}book, Band A von Computers and Typesetting},
shorttitle = {\TeX{}book},
publisher = {Addison Wesley Pub Co Inc},
address= {MA, USA},
year = {1986},
isbn = {978-0201134476}
}

@WWW{Bar:Typ,
author = {Frank Barth},
title = {Typographie},
shorttitle = {Typographie},
year = {2008},
url = {http://bis2008.frankbarth.de/pdf/TypoLayout_1.pdf},
urldate = {22.04.2013}
}

@book{Tes:FvK,
author = {Helmut Teschner},
title = {Fachw\"orterbuch für visuelle Kommunikation und Drucktechnik},
shorttitle = {Fachw\"orterbuch für visuelle Kommunikation und Drucktechnik},
publisher = {Ott Verlag + Druck AG Thun},
year = {1995},
}

@book{San:WA,
author = {Berit Sandberg},
title = {Wissenschaftlich Arbeiten von Abbildungen bis Zitat: Lehr- und Übungsbuch für Bachelor, Master und Promotion},
shorttitle = {Wissenschaftlich Arbeiten},
publisher = {Oldenbourg Verlag},
address = {München},
year = {2012},
isbn = {978-3-486-71635-1},
}

@book{Sch:KP,
author = {Roland Schimmel},
title = {Von der hohen Kunst ein Plagiat zu fertigen},
shorttitle = {Kunst des Plagiats},
publisher = {LIT Verlag},
address = {Berlin},
year = {2011},
isbn = {978-3-643-11248-4},
}


@book{Sch:JK,
author = {Roland Schimmel},
title = {Juristische Klausuren und Hausarbeiten richtig formulieren},
shorttitle = {Richtig formulieren},
publisher = {Carl Heymanns Verlag},
address = {Köln},
year = {2009},
edition = {8.}
isbn = {978-3-452-27122-8},
}

@book{Med:RjW,
author = {Peter Medawar},
title = {Ratschläge an einen jungen Wissenschaftler},
shorttitle = {Ratschläge junger Wissenschaftler},
publisher = {Piper Verlag},
address = {München},
year = {1984},
isbn = {978-3492028677},
}

@book{Pop:LdF,
author = {Karl R. Popper},
title = {Logik der Forschung},
shorttitle = {Logik der Forschung},
publisher = {Mohr Siebek},
address = {Tübungen},
edition = {10.\ verbesserte und vermehrte},
year = {2002},
isbn = {978-3161478376},
}


@book{Leo:Tut,
author = {Giacomo Leopardi},
title = {Tutte le opere di Giacomo Leopardi / Zibaldone di pensieri},
shorttitle = {Tutte le opere},
publisher = {Mondadori},
address = {Mailand},
edition = {6.},
year = {1961},
}

@book{Cio:Dem,
author = {Emil M. Cioran},
title = {Demiurgul cel r\v{a}u},
shorttitle = {Demiurgul cel r\v{a}u},
publisher = {Editura Humanitas},
address = {Bukarest},
year = {2006},
}

@book{TanP:BS,
author = {Andrew S. Tanenbaum},
title = {Moderne Betriebssysteme},
shorttitle = {Betriebssysteme},
publisher = {Pearsion Studium},
edition = {3., aktualisierte},
address = {München},
year = {2009},
isbn = {978-3-8273-7342-7},
note = {Übersetzer: Katharina Pieper}
}

@inproceedings{Kra:Ms,
author = {Otto Kr{\"a}tz},
title  = {Mad Scientists und andere Bösewichter der Chemie in der Literatur und Film},
shorttitle = {Mad Scientists},
editor = {Klaus Griesar},
booktitle = {Wenn der Geist die Materie küsst, Annäherungen an die Chemie},
publisher = {Verlag Harri Deutsch},
year = {2004},
address = {Frankfurt},
pages = {131--147},
}


@book{Ast:HL,
author = {{Christian von} Aster},
title = {Horror Lexikon. Von Addams Family bis Zombieworld. Die Motive des Schreckens in Film und Literatur},
shorttitle = {Horror Lexikon},
publisher = {Parkland},
address = {Köln},
year = {2001},
isbn = {3-88059-999-8},
}


@article{GN:Con,
author = {Thomas Günther and Mirko Niepel},
title = {Controlling: Sammelrezensionen zu ausgewählten Werken},
shorttitle={Controlling},
journal = {Die Betriebswirtschaft},
year = {2000},
volume = {60},
number = {2},
pages = {222-240}
}


@book{Kan:KV,
author = {Immanuel Kant},
title = {Kritik der reinen Vernunft},
shorttitle = {Vernunft},
publisher = {Ohne Verlag},
edition = {2.},
year = {1787},
note = {Zitiert nach \cite{Pop:LdF}}
}